%YAML 1.1
%TAG !u! tag:unity3d.com,2011:
--- !u!1 &116814
GameObject:
  m_ObjectHideFlags: 0
  m_PrefabParentObject: {fileID: 0}
  m_PrefabInternal: {fileID: 100100000}
  serializedVersion: 4
  m_Component:
  - 4: {fileID: 428216}
  - 212: {fileID: 21293500}
  - 114: {fileID: 11498500}
  m_Layer: 0
  m_Name: Sprite
  m_TagString: Untagged
  m_Icon: {fileID: 0}
  m_NavMeshLayer: 0
  m_StaticEditorFlags: 0
  m_IsActive: 1
--- !u!1 &126704
GameObject:
  m_ObjectHideFlags: 0
  m_PrefabParentObject: {fileID: 0}
  m_PrefabInternal: {fileID: 100100000}
  serializedVersion: 4
  m_Component:
  - 4: {fileID: 446710}
  - 114: {fileID: 11438470}
  - 54: {fileID: 5466732}
  - 114: {fileID: 11448690}
  - 65: {fileID: 6571438}
  - 114: {fileID: 11480870}
  m_Layer: 0
  m_Name: Nerds 2
  m_TagString: Nerds
  m_Icon: {fileID: 0}
  m_NavMeshLayer: 0
  m_StaticEditorFlags: 0
  m_IsActive: 1
--- !u!4 &428216
Transform:
  m_ObjectHideFlags: 1
  m_PrefabParentObject: {fileID: 0}
  m_PrefabInternal: {fileID: 100100000}
  m_GameObject: {fileID: 116814}
  m_LocalRotation: {x: 0, y: 0, z: 0, w: 1}
  m_LocalPosition: {x: 0, y: 0, z: 0}
  m_LocalScale: {x: 1, y: 1, z: 1}
  m_Children: []
  m_Father: {fileID: 446710}
  m_RootOrder: 0
--- !u!4 &446710
Transform:
  m_ObjectHideFlags: 1
  m_PrefabParentObject: {fileID: 0}
  m_PrefabInternal: {fileID: 100100000}
  m_GameObject: {fileID: 126704}
  m_LocalRotation: {x: .707106829, y: 0, z: 0, w: .707106709}
  m_LocalPosition: {x: -5.42999983, y: 2, z: 2.20774913}
  m_LocalScale: {x: 1, y: 1, z: 1}
  m_Children:
  - {fileID: 428216}
  m_Father: {fileID: 0}
  m_RootOrder: 0
--- !u!54 &5466732
Rigidbody:
  m_ObjectHideFlags: 1
  m_PrefabParentObject: {fileID: 0}
  m_PrefabInternal: {fileID: 100100000}
  m_GameObject: {fileID: 126704}
  serializedVersion: 2
  m_Mass: 1
  m_Drag: 0
  m_AngularDrag: .0500000007
  m_UseGravity: 0
  m_IsKinematic: 0
  m_Interpolate: 0
  m_Constraints: 116
  m_CollisionDetection: 0
--- !u!65 &6571438
BoxCollider:
  m_ObjectHideFlags: 1
  m_PrefabParentObject: {fileID: 0}
  m_PrefabInternal: {fileID: 100100000}
  m_GameObject: {fileID: 126704}
  m_Material: {fileID: 0}
  m_IsTrigger: 1
  m_Enabled: 1
  serializedVersion: 2
  m_Size: {x: 1, y: 1.79999971, z: .199999973}
  m_Center: {x: 0, y: 0, z: 0}
--- !u!114 &11438470
MonoBehaviour:
  m_ObjectHideFlags: 1
  m_PrefabParentObject: {fileID: 0}
  m_PrefabInternal: {fileID: 100100000}
  m_GameObject: {fileID: 126704}
  m_Enabled: 1
  m_EditorHideFlags: 0
  m_Script: {fileID: 11500000, guid: 8baf8a09062e2b54791e77b52be64985, type: 3}
  m_Name: 
  m_EditorClassIdentifier: 
  startingLocation: {fileID: 0}
  acceleration: 3
  deceleration: 8
  maxSpeed: 6
  stopDistance: .100000001
--- !u!114 &11448690
MonoBehaviour:
  m_ObjectHideFlags: 1
  m_PrefabParentObject: {fileID: 0}
  m_PrefabInternal: {fileID: 100100000}
  m_GameObject: {fileID: 126704}
  m_Enabled: 1
  m_EditorHideFlags: 0
  m_Script: {fileID: 11500000, guid: 02e381ca3301fd0408fc553d6da717c1, type: 3}
  m_Name: 
  m_EditorClassIdentifier: 
  index: 0
--- !u!114 &11480870
MonoBehaviour:
  m_ObjectHideFlags: 1
  m_PrefabParentObject: {fileID: 0}
  m_PrefabInternal: {fileID: 100100000}
  m_GameObject: {fileID: 126704}
  m_Enabled: 1
  m_EditorHideFlags: 0
  m_Script: {fileID: 11500000, guid: 8d97ba51260f119499d7817b61cf92c9, type: 3}
  m_Name: 
  m_EditorClassIdentifier: 
  collisionAudio: []
--- !u!114 &11498500
MonoBehaviour:
  m_ObjectHideFlags: 1
  m_PrefabParentObject: {fileID: 0}
  m_PrefabInternal: {fileID: 100100000}
  m_GameObject: {fileID: 116814}
  m_Enabled: 1
  m_EditorHideFlags: 0
  m_Script: {fileID: 11500000, guid: edd5e821edbc05544b183f1714b316de, type: 3}
  m_Name: 
  m_EditorClassIdentifier: 
  mass: 6
  force: 20
--- !u!212 &21293500
SpriteRenderer:
  m_ObjectHideFlags: 1
  m_PrefabParentObject: {fileID: 0}
  m_PrefabInternal: {fileID: 100100000}
  m_GameObject: {fileID: 116814}
  m_Enabled: 1
  m_CastShadows: 0
  m_ReceiveShadows: 0
  m_Materials:
  - {fileID: 10754, guid: 0000000000000000e000000000000000, type: 0}
  m_SubsetIndices: 
  m_StaticBatchRoot: {fileID: 0}
  m_UseLightProbes: 1
  m_ReflectionProbeUsage: 1
  m_ProbeAnchor: {fileID: 0}
  m_ScaleInLightmap: 1
  m_PreserveUVs: 0
  m_ImportantGI: 0
  m_AutoUVMaxDistance: .5
  m_AutoUVMaxAngle: 89
  m_LightmapParameters: {fileID: 0}
  m_SortingLayerID: 0
  m_SortingOrder: 0
  m_Sprite: {fileID: 21300000, guid: d75d4d130b759254082edfae2e7382b7, type: 3}
  m_Color: {r: 1, g: 1, b: 1, a: 1}
--- !u!1001 &100100000
Prefab:
  m_ObjectHideFlags: 1
  serializedVersion: 2
  m_Modification:
    m_TransformParent: {fileID: 0}
    m_Modifications:
    - target: {fileID: 0}
      propertyPath: m_TagString
      value: Nerds
      objectReference: {fileID: 0}
    - target: {fileID: 0}
      propertyPath: m_Size.x
      value: 1
      objectReference: {fileID: 0}
    - target: {fileID: 0}
      propertyPath: m_IsTrigger
      value: 1
      objectReference: {fileID: 0}
    m_RemovedComponents: []
  m_ParentPrefab: {fileID: 0}
  m_RootGameObject: {fileID: 126704}
  m_IsPrefabParent: 1
